@article{TLS-1,
    author = "李天目",
    title = "SSL/TLS协议的安全分析与改进",

    journal = "信息网络安全",
    volume = "1",
    pages = "51-54",
    year = "2005",}
	 
@article{TLS-2,
    author = "S Turner",
    title = "Transport Layer Security",

    journal = "IEEE Internet Computing",
    volume = "18(6)",
    pages = "60-63",
    year = "2014",}
	
@misc{TLS-3,
  author = {CSDN},
  title = {{ TLS握手协商流程解析}},
  howpublished = "\url{http://blog.csdn.net/phunxm/article/details/72853552}",
  year = {2017}, 
  note = "[Online; accessed 14-Mar-2018]"
}